@Book{howell:2009,
  author = 	 {Ray Howell},
  title = 	 {{Searching for the Silures: The Iron Age in South-East Wales}},
  publisher = 	 {{The History Press}},
  year = 	 {2009}
}

@INPROCEEDINGS{oatley+crick_asonam2014,
  author = {Giles Oatley and Tom Crick},
  title = {{Measuring UK Crime Gangs}},
  booktitle = {2014 IEEE/ACM International Conference on Advances in Social Networks Analysis and Mining (ASONAM 2014)},
  year = {2014},
  publisher = {IEEE Press}
}

@INPROCEEDINGS{oatley+crick_fosintsi2014,
  author = {Giles Oatley and Tom Crick},
  title = {{Exploring UK Crime Networks}},
  booktitle = {2014 International Symposium on Foundations of Open Source Intelligence and Security Informatics (FOSINT-SI 2014)},
  year = {2014},
  publisher = {IEEE Press}
}

@Book{cook+holder:2006,
  author = 	 {Diane J. Cook and Lawrence B. Holder},
  title = 	 {{Mining Graph Data}},
  publisher = 	 {Wiley},
  year = 	 {2006}
}

@Book{wasserman+faust:1995,
  author = 	 {Stanley Wasserman and Katherine Faust},
  title = 	 {{Social Network Analysis: Methods and Applications}},
  publisher = 	 {Cambridge University Press},
  year = 	 {1995}
}

@InProceedings{lu-et-al:1993,
  author = 	 {W. Lu and J. Han and B.C. Ooi},
  title = 	 {{Discovery of General Knowledge in Large Spatial Databases}},
  booktitle = {{Proceedings of the Far East Workshop on GIS (IEGIS'93)}},
  year = 	 {1993},
  pages = 	 {275--289}
}

@Article{ben-avraham-et-al:2003,
  author = 	 {Daniel ben-Avraham and Alejandro F. Rozenfeld and Reuven Cohen and Shlomo Havlin},
  title = 	 {Geographical Embedding of Scale-Free Networks},
  journal = 	 {{Physica A}},
  year = 	 {2003},
  volume = 	 {330},
  number = 	 {1-2},
  pages = 	 {107--116}
}

@Article{steadman:1973,
  author = 	 {P. Steadman},
  title = 	 {Graph-Theoretic Representation of Architectural Arrangement},
  journal = 	 {{Architectural Research and Teaching}},
  year = 	 {1973},
  volume = 	 {2},
  number = 	 {3},
  pages = 	 {161--172}
}

@Article{llobera:1996,
  author = 	 {Marcos Llobera},
  title = 	 {Exploring the Topography of Mind: GIS, Social Space and Archaeology},
  journal = 	 {{Antiquity}},
  year = 	 {1996},
  volume = 	 {70},
  number = 	 {269},
  pages = 	 {612--622}
}

@Article{turner-et-al:2001,
  author = 	 {Alasdair Turner and Maria Doxa and David O'Sullivan and Alan Penn},
  title = 	 {From Isovists to Visibility Graphs: A Methodology for the Analysis of Architectural Space},
  journal = 	 {{Environment and Planning B: Planning and Design}},
  year = 	 {2001},
  volume = 	 {28},
  number = 	 {1},
  pages = 	 {103--121}
}

@Article{sabidussi:1966,
  author = 	 {Gert Sabidussi},
  title = 	 {The Centrality Index of a Graph},
  journal = 	 {{Psychometrika}},
  year = 	 {1966},
  volume = 	 {31},
  number = 	 {4},
  pages = 	 {581--603}
}

@Article{freeman:1977,
  author = 	 {Linton C. Freeman},
  title = 	 {A Set of Measures of Centrality Based on Betweenness},
  journal = 	 {{Sociometry}},
  year = 	 {1977},
  volume = 	 {40},
  number = 	 {1},
  pages = 	 {35--41}
}

@Article{watts+strogatz:1998,
  author = 	 {Duncan J. Watts and Steven H. Strogatz},
  title = 	 {Collective Dynamics of `Small-World' Networks},
  journal = 	 {{Nature}},
  year = 	 {1998},
  volume = 	 {393},
  pages = 	 {440--442}
}

